@Book{kopka04,
  author    = {Kopka, Helmut and Daly, Patrick W.},
  title     = {Guide to \LaTeX},
  publisher = {Addison-Wesley},
  year      = {2004},
  edition   = {4},
}

@Book{goossens04,
  author =    {Mittelbach, Frank and Goossens, Michel},
  title =     {The \LaTeX{} Companion},
  publisher = {Addison-Wesley},
  year =      {2004},
  edition =   {2},
}

@Book{griffith08,
  author =    {Griffiths, David},
  title =     {Introducton to Elementary Particles},
  publisher = {WILEY-VCH},
  year =      {2008},
  edition =   {2},
}

@Book{thomson13,
  author =    {Thomson, Mark},
  title =     {Modern Particle Physics},
  publisher = {Cambridge University Press},
  year =      {2013},
  edition =   {1},
}

@Book{brock11,
  author =    {Brock, Ian and Sch√∂rner-Sadenius, Thomas},
  title =     {Physics at the Terascale},
  publisher = {WILEY-VCH},
  year =      {2011},
  edition =   {1},
}

@online{atlasfigures,
  author =    {ATLAS Collaboration},
  title =     "{ATLAS Multimedia}",
  url =       {http://www.atlasexperiment.org/photos/index.html},
}

@Article{pflow16,
  author =    {ATLAS Collaboration},
  title =     {Jet Reconstruction and Performance Using Particle Flow With the
ATLAS Detector},
  year = {2016},
}
